@misc{eq1,
    author    = " Pascal's law or the principle of transmission of fluid-pressure ",
    title     = "\[ \Delta P= \rho g(\Delta h) \]",
    url       = "http://www.andy-roberts.net/writing/latex/floats_figures_captions"
}

@misc{eq2,
    author    = "Torque in terms of angular momentum",
    title     = "\[ \tau_{net} =  \frac{d L }{dt}\]",
    url       = "https://www.sharelatex.com/"
}
 
@misc{youtube,
    author    = "Matthias Wandel",
    title     = "Mechanical adder",
    url       = "https://www.youtube.com/watch?v=GcDshWmhF4A"
}
